<?xml version="1.0" encoding="utf-8"?>
<record xmlns="http://www.loc.gov/MARC21/slim" xmlns:xsi="http://www.w3.org/2001/XMLSchema-instance" xsi:schemaLocation="http://www.loc.gov/MARC21/slim http://www.loc.gov/standards/marcxml/schema/MARC21slim.xsd">
	<leader>     nam a22     Mi 4500</leader>
	<controlfield tag="001">321664</controlfield>
	<controlfield tag="003">NjP</controlfield>
	<controlfield tag="006">m        d        </controlfield>
	<controlfield tag="007">cr cn |||m|||a</controlfield>
	<controlfield tag="008">180802m19849999ir h    o     000 0 ara d</controlfield>
	<datafield ind1="7" ind2=" " tag="024">
		<subfield code="a">princeton_aco001286</subfield>
		<subfield code="2">local</subfield>
	</datafield>
	<datafield ind1=" " ind2=" " tag="040">
		<subfield code="a">ZYU</subfield>
		<subfield code="b">eng</subfield>
		<subfield code="c">ZYU</subfield>
	</datafield>
	<datafield ind1=" " ind2="4" tag="050">
		<subfield code="a">BP193.25.K8416</subfield>
		<subfield code="b">M34 1984</subfield>
	</datafield>
	<datafield ind1=" " ind2=" " tag="079">
		<subfield code="a">ocm15123163</subfield>
	</datafield>
	<datafield ind1="1" ind2=" " tag="100">
		<subfield code="6">880-01</subfield>
		<subfield code="a">Majlisī, Muḥammad Bāqir ibn Muḥammad Taqī,</subfield>
		<subfield code="d">1627 or 1628-approximately 1699.</subfield>
	</datafield>
	<datafield ind1="1" ind2="0" tag="245">
		<subfield code="6">880-02</subfield>
		<subfield code="a">Mirʼāt al-ʻuqūl fī sharḥ akhbār Āl al-Rasūl</subfield>
		<subfield code="h">[electronic resource] :</subfield>
		<subfield code="b">sharḥ Kitāb al-Kāfī lil-Kulaynī /</subfield>
		<subfield code="c">taʼlīf Muḥammad Bāqir al-Majlisī.</subfield>
	</datafield>
	<datafield ind1=" " ind2=" " tag="250">
		<subfield code="6">880-03</subfield>
		<subfield code="a">al-Ṭabʻah 2.</subfield>
	</datafield>
	<datafield ind1=" " ind2=" " tag="260">
		<subfield code="6">880-04</subfield>
		<subfield code="a">Tihrān :</subfield>
		<subfield code="b">Dār al-Kutub al-Islāmīyah,</subfield>
		<subfield code="c">1401- [1984-</subfield>
	</datafield>
	<datafield ind1=" " ind2=" " tag="300">
		<subfield code="a">online resource (v.) :</subfield>
		<subfield code="b">facsims.</subfield>
	</datafield>
	<datafield ind1=" " ind2=" " tag="500">
		<subfield code="a">Vol. 14-: 1st ed.</subfield>
	</datafield>
	<datafield ind1=" " ind2=" " tag="500">
		<subfield code="a">&quot;Muqaddimah&quot; (2 v.) by Murtadá al-ʻAskarī.</subfield>
	</datafield>
	<datafield ind1=" " ind2=" " tag="500">
		<subfield code="a">Vol. 1- edited by Hāshim al-Rasūlī.</subfield>
	</datafield>
	<datafield ind1=" " ind2=" " tag="500">
		<subfield code="a">Vol. 12-13 edited by Jaʻfar al-Ḥusaynī.</subfield>
	</datafield>
	<datafield ind1=" " ind2=" " tag="500">
		<subfield code="a">Vol. 14- edited by Muḥsin al-Ḥusaynī al-Amīnī.</subfield>
	</datafield>
	<datafield ind1=" " ind2=" " tag="500">
		<subfield code="a">Vol. 23- edited by ʻAlī al-Ākhūndī.</subfield>
	</datafield>
	<datafield ind1=" " ind2=" " tag="500">
		<subfield code="a">Vol. 23: 1st ed.</subfield>
	</datafield>
	<datafield ind1=" " ind2=" " tag="500">
		<subfield code="a">Part of the Arabic Collections Online (ACO) project, contributed by Princeton University Libraries.</subfield>
	</datafield>
	<datafield ind1=" " ind2=" " tag="533">
		<subfield code="a">Electronic reproduction.</subfield>
		<subfield code="b">New York, N.Y. :</subfield>
		<subfield code="c">New York University,</subfield>
		<subfield code="d">2018.</subfield>
		<subfield code="5">NNU</subfield>
	</datafield>
	<datafield ind1="1" ind2="0" tag="600">
		<subfield code="6">880-05</subfield>
		<subfield code="a">Kulaynī, Muḥammad ibn Yaʻqūb,</subfield>
		<subfield code="d">-941?</subfield>
		<subfield code="t">Kāfī.</subfield>
	</datafield>
	<datafield ind1=" " ind2="0" tag="650">
		<subfield code="a">Hadith (Shiites)</subfield>
		<subfield code="x">Early works to 1800.</subfield>
	</datafield>
	<datafield ind1="1" ind2=" " tag="700">
		<subfield code="6">880-06</subfield>
		<subfield code="a">ʻAskarī, Murtaḍá.</subfield>
	</datafield>
	<datafield ind1="1" ind2=" " tag="700">
		<subfield code="6">880-07</subfield>
		<subfield code="a">Rasūlī Maḥallātī, Hāshim.</subfield>
	</datafield>
	<datafield ind1="1" ind2=" " tag="700">
		<subfield code="6">880-08</subfield>
		<subfield code="a">Ḥusaynī, Jaʻfar.</subfield>
	</datafield>
	<datafield ind1="1" ind2=" " tag="700">
		<subfield code="6">880-09</subfield>
		<subfield code="a">Amīnī, Muḥsin al-Ḥusaynī.</subfield>
	</datafield>
	<datafield ind1="1" ind2=" " tag="700">
		<subfield code="6">880-10</subfield>
		<subfield code="a">Ākhūndī, ʻAlī.</subfield>
	</datafield>
	<datafield ind1="2" ind2=" " tag="710">
		<subfield code="a">Princeton University.</subfield>
		<subfield code="b">Library.</subfield>
	</datafield>
	<datafield ind1="0" ind2=" " tag="730">
		<subfield code="a">Arabic Collections Online.</subfield>
	</datafield>
	<datafield ind1="0" ind2="8" tag="776">
		<subfield code="i">Print version:</subfield>
		<subfield code="a">Majlisī, Muḥammad Bāqir ibn Muḥammad Taqī, 1627 or 1628-approximately 1699.</subfield>
		<subfield code="t">Mirʼāt al-ʻuqūl fī sharḥ akhbār Āl al-Rasūl</subfield>
		<subfield code="w">(NjP)321664</subfield>
	</datafield>
	<datafield ind1="4" ind2="0" tag="856">
		<subfield code="u">http://hdl.handle.net/2333.1/9p8czgg4</subfield>
	</datafield>
	<datafield ind1="1" ind2=" " tag="880">
		<subfield code="6">100-01</subfield>
		<subfield code="a">مجلسي، محمد باقر بن محمد تقي،‎‎</subfield>
		<subfield code="d">1627 or 1628-approximately 1699.</subfield>
	</datafield>
	<datafield ind1="1" ind2="0" tag="880">
		<subfield code="6">245-02</subfield>
		<subfield code="a">مرآة العقول في شرح اخبار آل الرسول :‎‎</subfield>
		<subfield code="b">شرح كتاب الكافي للكليني /‎‎</subfield>
		<subfield code="c">تأليف محمد باقر المجلسي.‎‎</subfield>
	</datafield>
	<datafield ind1=" " ind2=" " tag="880">
		<subfield code="6">250-03</subfield>
		<subfield code="a">الطبعة 2.‎‎</subfield>
	</datafield>
	<datafield ind1=" " ind2=" " tag="880">
		<subfield code="6">260-04</subfield>
		<subfield code="a">تهران :‎‎</subfield>
		<subfield code="b">دار الكتب الاسلامية،‎‎</subfield>
		<subfield code="c">1401- [1984-</subfield>
	</datafield>
	<datafield ind1="1" ind2="4" tag="880">
		<subfield code="6">600-05</subfield>
		<subfield code="a">كليني، محمد بن يعقوب،‎‎</subfield>
		<subfield code="d">-941?</subfield>
		<subfield code="t">كافي.‎‎</subfield>
	</datafield>
	<datafield ind1="1" ind2=" " tag="880">
		<subfield code="6">700-06</subfield>
		<subfield code="a">عسكري، مرتضى.‎‎</subfield>
	</datafield>
	<datafield ind1="1" ind2=" " tag="880">
		<subfield code="6">700-07</subfield>
		<subfield code="a">رسولي محلاتي، هاشم.‎‎</subfield>
	</datafield>
	<datafield ind1="1" ind2=" " tag="880">
		<subfield code="6">700-08</subfield>
		<subfield code="a">حسيني، جعفر.‎‎</subfield>
	</datafield>
	<datafield ind1="1" ind2=" " tag="880">
		<subfield code="6">700-09</subfield>
		<subfield code="a">اميني، محسن الحسيني.‎‎</subfield>
	</datafield>
	<datafield ind1="1" ind2=" " tag="880">
		<subfield code="6">700-10</subfield>
		<subfield code="a">آخوندي، علي.‎‎</subfield>
	</datafield>
	<datafield ind1=" " ind2=" " tag="911">
		<subfield code="a">19940617</subfield>
	</datafield>
	<datafield ind1=" " ind2=" " tag="912">
		<subfield code="a">19940607000000.0</subfield>
	</datafield>
	<datafield ind1=" " ind2=" " tag="959">
		<subfield code="a">NNU</subfield>
		<subfield code="b">WEB</subfield>
		<subfield code="c">GENI</subfield>
		<subfield code="t">0</subfield>
		<subfield code="m">Electronic access</subfield>
		<subfield code="s">01</subfield>
	</datafield>
	<datafield ind1=" " ind2=" " tag="999">
		<subfield code="a">321664</subfield>
		<subfield code="e">(ERROR-MISC)</subfield>
		<subfield code="i">NjP_321664</subfield>
		<subfield code="s">princeton_aco001288:juz 1</subfield>
		<subfield code="s">princeton_aco001289:juz 2</subfield>
		<subfield code="s">princeton_aco001290:juz 3</subfield>
		<subfield code="s">princeton_aco001291:juz 4</subfield>
		<subfield code="s">princeton_aco001292:juz 5</subfield>
		<subfield code="s">princeton_aco001293:juz 6</subfield>
		<subfield code="s">princeton_aco001294:juz 7</subfield>
		<subfield code="s">princeton_aco001295:juz 8</subfield>
		<subfield code="s">princeton_aco001296:juz 9</subfield>
		<subfield code="s">princeton_aco001297:juz 10</subfield>
		<subfield code="s">princeton_aco001298:juz 11</subfield>
		<subfield code="s">princeton_aco001299:juz 12</subfield>
		<subfield code="s">princeton_aco001300:juz 13</subfield>
		<subfield code="s">princeton_aco001301:juz 14</subfield>
		<subfield code="s">princeton_aco001302:juz 15</subfield>
		<subfield code="s">princeton_aco001303:juz 16</subfield>
		<subfield code="s">princeton_aco001304:juz 17</subfield>
		<subfield code="s">princeton_aco001305:juz 18</subfield>
		<subfield code="s">princeton_aco001306:juz 19</subfield>
		<subfield code="s">princeton_aco001307:juz 20</subfield>
		<subfield code="s">princeton_aco001308:juz 21</subfield>
		<subfield code="s">princeton_aco001309:juz 22</subfield>
		<subfield code="s">princeton_aco001310:juz 23</subfield>
		<subfield code="s">princeton_aco001311:juz 24</subfield>
		<subfield code="s">princeton_aco001312:juz 25</subfield>
		<subfield code="s">princeton_aco001313:juz 26</subfield>
		<subfield code="s">princeton_aco001286:Muqaddimah qism 1. Add as: juz.</subfield>
		<subfield code="s">princeton_aco001287:Muqaddimah qism 2</subfield>
	</datafield>
</record>
